<record><leader>00000cas a22000007a 4500</leader><controlfield tag="001">12898203</controlfield><controlfield tag="008">851212d19441980wvuwr ne      0    0eng d</controlfield><datafield ind1=" " ind2=" " tag="010"><subfield code="a">sn 85059802 </subfield></datafield><datafield ind1=" " ind2=" " tag="040"><subfield code="a">WVC</subfield><subfield code="b">eng</subfield><subfield code="c">WVC</subfield><subfield code="d">OCL</subfield><subfield code="d">OCLCQ</subfield></datafield><datafield ind1=" " ind2=" " tag="042"><subfield code="a">msc</subfield></datafield><datafield ind1="0" ind2="0" tag="245"><subfield code="a">Kanawha Valley leader.</subfield></datafield><datafield ind1="1" ind2="7" tag="246"><subfield code="a">Leader</subfield></datafield><datafield ind1="1" ind2="3" tag="246"><subfield code="a">Valley news leader</subfield></datafield><datafield ind1=" " ind2=" " tag="260"><subfield code="a">Nitro, W. Va. :</subfield><subfield code="b">Cecil R. Walker,</subfield><subfield code="c">-1980.</subfield></datafield><datafield ind1=" " ind2=" " tag="300"><subfield code="a">v.</subfield></datafield><datafield ind1=" " ind2=" " tag="310"><subfield code="a">Weekly</subfield></datafield><datafield ind1="1" ind2=" " tag="362"><subfield code="a">Established in 1944.</subfield><subfield code="z">Cf. Masthead.</subfield></datafield><datafield ind1="0" ind2=" " tag="362"><subfield code="a">-37th year, no. 49 (Apr. 23, 1980).</subfield></datafield><datafield ind1=" " ind2=" " tag="580"><subfield code="a">Succeeded by: Valley leader (non extant).</subfield></datafield><datafield ind1=" " ind2=" " tag="588"><subfield code="a">Description based on: Vol. 14, no. 40 (Jan. 17, 1958).</subfield></datafield><datafield ind1=" " ind2=" " tag="752"><subfield code="a">United States</subfield><subfield code="b">West Virginia</subfield><subfield code="c">Kanawha</subfield><subfield code="d">Nitro.</subfield></datafield><datafield ind1="1" ind2="0" tag="785"><subfield code="t">Valley leader</subfield></datafield><datafield ind1="1" ind2=" " tag="029"><subfield code="a">AU@</subfield><subfield code="b">000023533553</subfield></datafield></record>